@COMMENT("================================================================")
@COMMENT("Conferences and Workshops")
@COMMENT("================================================================")
@string(ASYNC =   {IEEE Intl\ Symp.\ on Asynchronous Circuits and Systems (ASYNC)})
@string(SOSP =    {ACM Symp.\ on Operating Systems Principles (SOSP)})
@string(ICPP =    {Intl.\ Conf.\ on Parallel Processing})
@string(IPDPS =   {Intl.\ Parallel \& Distributed Processing Symp. (IPDPS)})
@string(IPPS  =   {Intl.\ Parallel Processing Symp.})
@string(USENIX  = {Usenix Annual Technical Conf.})
@string(FAST =    {USENIX Conference on File and Storage Technologies (FAST)})
@string(ALS =     {Annual Linux Showcase \& Conf.})
@string(JSSPP =   {Job Scheduling Strategies for Parallel Processing})
@string(SIGMETRICS = 
       {Intl.\ Conf.\ on Measurement \& Modeling of Computer Systems (SIGMETRICS)})
@string(ISSPIT =  
       {IEEE Intl.\ Symp.\ on Signal Processing and Information Technology})
@string(ISPASS =  
	{IEEE Intl.\ Symp.\ on Perf.\ Analysis of Systems and Software (ISPASS)})
@string(IISWC =   {IEEE Intl.\ Symp.\ on Workload Characterization (IISWC)})
@string(CASES = 
{Intl.\ Conf.\ on Compilers, Architecture, and Synthesis for Embedded Systems})
@string(HOTOS =   {Hot Topics in Operating Systems (HotOS)})
@string(HOTPAR =  {Hot Topics in Parallelism (HotPar)})
@string(HOTI =    {IEEE Ann.\ Symp.\ on High Performance Interconnects (HOTI)}),
@string(OLS =     {Ottawa Linux Symp.})
@string(SC =      {Supercomputing})
@string(HPCA =    {Symp.\ on High-Performance Computer Architecture (HPCA)})
@string(OSDI =    {Symp.\ on Operating Systems Design \& Impl. (OSDI)})
@string(NSDI =    {Symp.\ on Networked Systems Design \& Impl. (NSDI)})
@string(ASPLOS =  {Intl.\ Conf.\ on Arch.\ Support for Programming Languages \& Operating Systems (ASPLOS)})
@string(NOSSDAV = {Intl.\ Workshop on Network \& Operating Systems Support 
		  for Digital Audio \& Video})
@string(WIOSCA = {Workshop on the Interaction between Operating System and 
		  Computer Architecture})
@string(ISCA =    {Intl.\ Symp.\ on Computer Architecture (ISCA)})
@string(MICRO =   {Intl.\ Symp.\ on Microarchitecture (MICRO)})
@string(PLDI =    {Intl.\ Conf.\ on Programming Language Design and Impl. (PLDI)})
@string(POPL =    {Symp.\ on Principles of Programming Languages (POPL)})
@string(PACT =    {Intl.\ Conf.\ on Parallel Arch.\ and Compilation Techniques (PACT)})
@string(SPAA =    {Symp.\ on Parallel Alg.\ and Arch. (SPAA)})
@string(FPGA =    {Intl.\ Symp.\ on Field Programmable Gate Arrays})
@string(PPoPP =   {Symp.\ on Principles and Practice of Parallel Programming})
@string(ICCD =    {Intl.\ Conf.\ on Computer Design})
@string(ICS =     {ACM Intl.\ Conf.\ on Supercomputing})
@string(RTAS =    {IEEE Real-time Technology \& Apps.\ Symp.})
@string(MULTIMEDIA = {Intl.\ Conf.\ on Multimedia})
@string(MASCOTS = {Modeling, Anal.\ \& Simulation of Comput.\ \& Telecomm.\
                  Systems}),
@string(ICCAD =   {IEEE/ACM Intl.\ Conf.\ on Computer-Aided Design})
@string(SAMOS =   {Intl.\ Conf.\ on Embedded Computer Systems: Architectures, Modeling, and Simulation})
@string(LEIBNITZ =
       {School of Computer Science and Engineering, Hebrew University})
@string(ISLPED =  {Intl.\ Symp.\ on Low power Electronics and Design})
@string(NSPW =    {Workshop on New Security Paradigms})
@string(DSN =     {Intl.\ Conf.\ on Dependable Systems and Networks})
@string(DAC =     {ACM/EDAC/IEEE Design Automation Conference (DAC)})
@string(ISSCC =   {IEEE Intl.\ Solid-State Circuits Conf.})
@string(EUROMICRO = {Euromicro Conf.\ on Digital System Design})
@string(IWOMP =   {Intl.\ Workshop on OpenMP})
@string(CLUSTER = {Intl.\ Conf.\ on Cluster Computing})
@string(CC =      {Intl.\ Conf.\ on Compiler Construction})
@string(FPGA =    {Intl.\ Symp.\ on Field Programmable Gate Arrays})
@string(PASTE =   {ACM SIGPLAN-SIGSOFT Workshop on Program Analysis for Software Tools and Engineering})
@string(SCIPROG = {Scientific Programming})
@string(ACACES = {Advanced Computer Architecture and Compilation for Embedded Systems})
@string(MEMOCODE = {ACM/IEEE Intl.\ Conf.\ on Formal Methods and Models for
                  Co-Design})
@string(FASPP = {Future Architectural Support for Parallel Programming (FASPP)})
@string(VEE   = {Intl.\ Conf.\ on Virtual Execution Environments})
@string(FPL   = {Intl.\ Conf.\ on Field Programmable Logic and Applications})
@string(FCCM  = {Intl.\ Symp.\ on Field-Programmable Custom Computing Machines})
@string(CGO =   {Intl.\ Symp.\ on Code Generation and Optimization (CGO)})
@string(VLDB =  {Intl.\ Conf.\ on Very Large Data Bases (VLDB)})
@string(HPDC =  {Intl.\ Symp.\ on High performance Distributed Computing (HPDC)})
@string(EDBT = {Intl.\ Conf.\ on on Extending Database Technology (EDBT)})

@COMMENT("================================================================")
@COMMENT("Journals and Magazines")
@COMMENT("================================================================")
@string(CACM =    {Comm.\ ACM})
@string(TOCS = 	  {ACM Trans.\ on Computer Systems})
@string(TOPLAS =  {ACM Trans.\ on Programming Languages and Systems})
@string(LOPLAS =  {ACM Letters on Programming Languages and Systems})
@string(TOMACS =  {ACM Trans.\ on Modelling \& Computer Simulation})
@string(TOMCCAP = {ACM Trans.\ on Multimedia Comp., Comm., and App.})
@string(TACO =    {ACM Trans.\ on Arch.\ \& Code Optim.})
@string(TOS =     {ACM Trans.\ on Storage})
@string(LJ =      {Linux Journal})
@string(LOGIN =   {;login})
@string(CAL =     {IEEE Computer Architecture Letters})
@string(TC =      {IEEE Trans.\ on Computers})
@string(COMP =    {IEEE Computer})
@string(OSR =     {Operating Systems Review})
@string(CAN =     {Computer Architecture News})
@string(PER =     {Performance Evaluation Review})
@string(TPDS =    {IEEE Trans.\ on Parallel and Distributed Systems})
@string(TSE =     {IEEE Trans.\ on Software Engineering})
@string(TDSC =    {IEEE Trans.\ on Dependable and Secure Computing})
@string(TCADICS = {IEEE Trans.\ on Computer-Aided Design of Integrated Circuits and Systems})
@string(IEEEMICRO =   {IEEE Micro})
@string(CSUR =      {ACM Computing Surveys})
@string(ITJ =     {Intel Technology Journal})
@string(PROCIEEE ={Proc.\ of the IEEE})
@string{JPDC =    {Journal of Parallel \& Distributed Computing}}
@string{JSS =     {Journal of Systems and Software}}
@string(ACMQ =    {ACM Queue})

@COMMENT("================================================================")
@COMMENT("Publishers")
@COMMENT("================================================================")
@string(pub-OREILLY = {O'Reilly \& Associates})
@string(pub-ELSEVIER = {Elsevier Science Publishers})
@string(pub-PH =      {Prentice Hall})
@string(pub-AW =      {Addison Wesley})
@string(pub-SV =      {Springer-Verlag})
@string(pub-MK =      {Morgan Kaufmann})
@string(pub-ACM =     {ACM Press})
@string(pub-USENIX =  {The Usenix Association})
@string(pub-IEEECOMP ={IEEE Computer Society Press})
@string(pub-MS =      {Microsoft Press})
@string(pub-JW =      {John Wiley \& Sons})
@string(pub-MH =      {Mcgraw-Hill})
@string(pub-OXF =     {Oxford University Press})

@COMMENT("================================================================")
@COMMENT("Addresses")
@COMMENT("================================================================")
@string(addr-USENIX   = {Berkeley, CA, USA})
@string(addr-ACM      = {New York, NY, USA})
@string(addr-IEEECOMP = {Washington, DC, USA})
