@COMMENT("================================================================")
@COMMENT("Conferences and Workshops")
@COMMENT("================================================================")
@string(ASPLOS =  {Intl.\ Conf.\ on Arch.\ Support for Programming Languages \& Operating Systems (ASPLOS)})
@string(WIOSCA = {Workshop on the Interaction between Operating System and 
		  Computer Architecture})
@string(ISCA =    {Intl.\ Symp.\ on Computer Architecture (ISCA)})
@string(MICRO =   {Intl.\ Symp.\ on Microarchitecture (MICRO)})
@string(HPCA =    {Symp.\ on High-Performance Computer Architecture (HPCA)})
@string(PASTE =   {ACM SIGPLAN-SIGSOFT Workshop on Program Analysis for Software Tools and Engineering})
@string(COMP =    {IEEE Computer})
@string(FPGA =    {Intl.\ Symp.\ on Field Programmable Gate Arrays})
@string(PACT =    {Intl.\ Conf.\ on Parallel Arch.\ and Compilation Techniques (PACT)})
@string(TPDS =    {IEEE Trans.\ on Parallel and Distributed Systems})
@string(TC =      {IEEE Trans.\ on Computers})
@string(IEEEMICRO =   {IEEE Micro})
@string(PLDI =    {Intl.\ Conf.\ on Programming Language Design and Impl. (PLDI)})
@string(ACMQ =    {ACM Queue})
@string(PASTE =   {ACM SIGPLAN-SIGSOFT Workshop on Program Analysis for Software Tools and Engineering})
@string(TOPLAS =  {ACM Trans.\ on Programming Languages and Systems})
@string(CASES = 
{Intl.\ Conf.\ on Compilers, Architecture, and Synthesis for Embedded Systems})
@string(CC =      {Intl.\ Conf.\ on Compiler Construction})
@string(CACM =    {Comm.\ ACM})

@string(pub-MK =      {Morgan Kaufmann})

@COMMENT("================================================================")
@COMMENT("References")
@COMMENT("================================================================")

